@inproceedings{peng_pvnet_2019,
	title = {PVNet: Pixel-Wise Voting Network for 6DoF Pose Estimation},
	booktitle = {CVPR},
	author = {Peng, Sida and Liu, Yuan and Huang, Qixing and Zhou, Xiaowei and Bao, Hujun},
	year = {2019},
}
@phdthesis{Fabian_2021,
      author      = {Fabian Manhardt},
      school      = {Technische Universität München},
      title       = {Towards Monocular 6D Object Pose Estimation},
      year        = {2021}
}
@inproceedings{DBLP:journals/corr/abs-1711-00199,
      author       = {Yu Xiang and
                        Tanner Schmidt and
                        Venkatraman Narayanan and
                        Dieter Fox},
      title        = {PoseCNN: A Convolutional Neural Network for 6D Object Pose Estimation
                        in Cluttered Scenes},
      booktitle      = {CoRR},
      year         = {2017},
}
@inproceedings{hashim2019special,
      title={Special Orthogonal Group SO(3), Euler Angles, Angle-axis, Rodriguez Vector and Unit-Quaternion:
      Overview, Mapping and Challenges},
      author={Hashim A. Hashim},
      booktitle={ArXiv preprint ArXiv:1909.06669},
      year={2019}
}
@inproceedings{quat,
      author = {Krishnaswami, Govind and Sachdev, Sonakshi},
      year = {2016},
      title = {Algebra and geometry of Hamilton's quaternions},
      booktitle = {Resonance}
}
@INPROCEEDINGS{9231126,
      author={Mansur, Vandana and Reddy, Srinivasulu and R, Sujatha and Sujatha, R.},
      booktitle={GUCON}, 
      title={Deploying Complementary filter to avert gimbal lock in drones using Quaternion angles}, 
      year={2020},
      pages={751-756},
  }
@INPROCEEDINGS{9836663,
      author={Zhu, Yingzhao and Li, Man and Yao, Wensheng and Chen, Chunhua},
      booktitle={ITAIC}, 
      title={A Review of 6D Object Pose Estimation}, 
      year={2022},
  }
@inproceedings{cao20236impose,
      title={6IMPOSE: Bridging the Reality Gap in 6D Pose Estimation for Robotic Grasping}, 
      author={Hongpeng Cao and Lukas Dirnberger and Daniele Bernardini and Cristina Piazza and Marco Caccamo},
      year={2023},
      booktitle={Frontiers in Robotics and AI},
}
@inproceedings{qin2022geometric,
      title={Geometric Transformer for Fast and Robust Point Cloud Registration}, 
      author={Zheng Qin and Hao Yu and Changjian Wang and Yulan Guo and Yuxing Peng and Kai Xu},
      year={2022},
      booktitle={CVPR},
}
@inproceedings{fu2021robust,
      title={Robust Point Cloud Registration Framework Based on Deep Graph Matching}, 
      author={Kexue Fu and Shaolei Liu and Xiaoyuan Luo and Manning Wang},
      year={2021},
      booktitle={CVPR},
}
@inproceedings{Besl1992AMF,
      title={A Method for Registration of 3-D Shapes},
      author={Paul J. Besl and Neil D. McKay},
      booktitle={PAMI},
      year={1992},
}
@inproceedings{auto,
      author = {Rill, Róbert Adrian and Faragó, Kinga},
      year = {2021},
      title = {Collision Avoidance Using Deep Learning-Based Monocular Vision},
      booktitle = {SN Computer Science},
}
@inproceedings{maru2022,
      author = {Marullo, Giorgia and Tanzi, Leonardo and Piazzolla, Pietro and Vezzetti, Enrico},
      year = {2022},
      title = {6D object position estimation from 2D images: a literature review},
      booktitle = {Multimedia Tools and Applications},
}
@inproceedings{dataV4MUMX2020,
      author = {Brachmann, Eric and Krull, Alexander and Michel, Frank and Gumhold, Stefan and Shotton, Jamie and Rother, Carsten},
      booktitle={ECCV},
      title = {{Lerning 6D Object Pose Estimation using 3D Object Coordinates}},
      year = {2014},
}
@inproceedings{hodan2017tless,
      title={T-LESS: An RGB-D Dataset for 6D Pose Estimation of Texture-less Objects},
      author={Hoda{\v{n}}, Tom{\'a}{\v{s}} and Haluza, Pavel and Obdr{\v{z}}{\'a}lek, {\v{S}}t{\v{e}}p{\'a}n and Matas, Ji{\v{r}}{\'\i} and Lourakis, Manolis and Zabulis, Xenophon},
      booktitle={WACV},
      year={2017}
}
@inproceedings{hodan2019photorealistic,
      title={Photorealistic Image Synthesis for Object Instance Detection}, 
      author={Tomas Hodan and Vibhav Vineet and Ran Gal and Emanuel Shalev and Jon Hanzelka and Treb Connell and Pedro Urbina and Sudipta N. Sinha and Brian Guenter},
      year={2019},
      booktitle={ICIP}
}
@inproceedings{pavlakos20176dof,
      title={6-DoF Object Pose from Semantic Keypoints}, 
      author={Georgios Pavlakos and Xiaowei Zhou and Aaron Chan and Konstantinos G. Derpanis and Kostas Daniilidis},
      year={2017},
      booktitle={ICRA}
}
@inproceedings{kendall2016posenet,
      title={PoseNet: A Convolutional Network for Real-Time 6-DOF Camera Relocalization}, 
      author={Alex Kendall and Matthew Grimes and Roberto Cipolla},
      year={2016},
      booktitle={ICCV}
}
@inproceedings{lamb2021brief,
      title={A Brief Introduction to Generative Models}, 
      author={Alex Lamb},
      year={2021},
      booktitle={arXiv:2103.00265},
}
@inproceedings{goodfellow2014generative,
      title={Generative Adversarial Networks}, 
      author={Ian J. Goodfellow and Jean Pouget-Abadie and Mehdi Mirza and Bing Xu and David Warde-Farley and Sherjil Ozair and Aaron Courville and Yoshua Bengio},
      year={2014},
      booktitle={NIPS}
}
@inproceedings{borji2018pros,
      title={Pros and Cons of GAN Evaluation Measures}, 
      author={Ali Borji},
      year={2018},
      booktitle={Computer Vision and Image Understanding}
}
@inproceedings{arjovsky2017wasserstein,
      title={Wasserstein GAN}, 
      author={Martin Arjovsky and Soumith Chintala and Léon Bottou},
      year={2017},
      booktitle={PMLR}
}
@inproceedings{miyato2018spectral,
      title={Spectral Normalization for Generative Adversarial Networks}, 
      author={Takeru Miyato and Toshiki Kataoka and Masanori Koyama and Yuichi Yoshida},
      year={2018},
      booktitle={ICLR}
}
@inproceedings{kingma2022autoencoding,
      title={Auto-Encoding Variational Bayes}, 
      author={Diederik P Kingma and Max Welling},
      year={2022},
      booktitle={ICLR}
}
@inproceedings{kingma2015variational,
      title={Variational Dropout and the Local Reparameterization Trick}, 
      author={Diederik P. Kingma and Tim Salimans and Max Welling},
      year={2015},
      booktitle={NIPS}
}
@inproceedings{rezende2016variational,
      title={Variational Inference with Normalizing Flows}, 
      author={Danilo Jimenez Rezende and Shakir Mohamed},
      year={2016},
      booktitle={ICML}
}
@inproceedings{sohldickstein2015deep,
      title={Deep Unsupervised Learning using Nonequilibrium Thermodynamics}, 
      author={Jascha Sohl-Dickstein and Eric A. Weiss and Niru Maheswaranathan and Surya Ganguli},
      year={2015},
      booktitle={ICML}
}
@inproceedings{ho2020denoising,
      title={Denoising Diffusion Probabilistic Models}, 
      author={Jonathan Ho and Ajay Jain and Pieter Abbeel},
      year={2020},
      booktitle={NIPS}
}
@inproceedings{nichol2022glide,
      title={GLIDE: Towards Photorealistic Image Generation and Editing with Text-Guided Diffusion Models}, 
      author={Alex Nichol and Prafulla Dhariwal and Aditya Ramesh and Pranav Shyam and Pamela Mishkin and Bob McGrew and Ilya Sutskever and Mark Chen},
      year={2022},
      booktitle={arXiv:2112.10741},
}
@inproceedings{ramesh2022hierarchical,
      title={Hierarchical Text-Conditional Image Generation with CLIP Latents}, 
      author={Aditya Ramesh and Prafulla Dhariwal and Alex Nichol and Casey Chu and Mark Chen},
      year={2022},
      booktitle={arXiv:2204.06125},
}
@inproceedings{nichol2021improved,
      title={Improved Denoising Diffusion Probabilistic Models}, 
      author={Alex Nichol and Prafulla Dhariwal},
      year={2021},
      booktitle={PMLR}
}
@article{weng2021diffusion,
      title   = "What are diffusion models?",
      author  = "Weng, Lilian",
      journal = "lilianweng.github.io",
      year    = "2021",
      url     = "https://lilianweng.github.io/posts/2021-07-11-diffusion-models/"
}
@inproceedings{song2020generative,
      title={Generative Modeling by Estimating Gradients of the Data Distribution}, 
      author={Yang Song and Stefano Ermon},
      year={2020},
      booktitle={NIPS}
}
@inproceedings{ho2022classifierfree,
      title={Classifier-Free Diffusion Guidance}, 
      author={Jonathan Ho and Tim Salimans},
      year={2022},
      booktitle={arXiv:2207.12598},
}
@inproceedings{yang2023diffusion,
      title={Diffusion Models: A Comprehensive Survey of Methods and Applications}, 
      author={Ling Yang and Zhilong Zhang and Yang Song and Shenda Hong and Runsheng Xu and Yue Zhao and Wentao Zhang and Bin Cui and Ming-Hsuan Yang},
      year={2023},
      booktitle={ACM Computing Surveys},
}
@inproceedings{saharia2021image,
      title={Image super-resolution via iterative refinement},
      author={Saharia, Chitwan and Ho, Jonathan and Chan, William and Salimans, Tim and Fleet, David J and Norouzi, Mohammad},
      booktitle={PAMI},
      year={2021}
}
@inproceedings{ho2021cascaded,
      title={Cascaded Diffusion Models for High Fidelity Image Generation},
      author={Ho, Jonathan and Saharia, Chitwan and Chan, William and Fleet, David J and Norouzi, Mohammad and Salimans, Tim},
      booktitle={The Journal of Machine Learning Research},
      year={2021}
}
@inproceedings{gao2023implicit,
      title={Implicit Diffusion Models for Continuous Super-Resolution}, 
      author={Sicheng Gao and Xuhui Liu and Bohan Zeng and Sheng Xu and Yanjing Li and Xiaoyan Luo and Jianzhuang Liu and Xiantong Zhen and Baochang Zhang},
      year={2023},
      booktitle={CVPR}
}
@inproceedings{lugmayr2022repaint,
      title={RePaint: Inpainting using Denoising Diffusion Probabilistic Models}, 
      author={Andreas Lugmayr and Martin Danelljan and Andres Romero and Fisher Yu and Radu Timofte and Luc Van Gool},
      year={2022},
      booktitle={CVPR}
}
@inproceedings{saharia2022palette,
      title={Palette: Image-to-Image Diffusion Models}, 
      author={Chitwan Saharia and William Chan and Huiwen Chang and Chris A. Lee and Jonathan Ho and Tim Salimans and David J. Fleet and Mohammad Norouzi},
      year={2022},
      booktitle={SIGGRAPH}
}
@inproceedings{kwon2023diffusionbased,
      title={Diffusion-based Image Translation using Disentangled Style and Content Representation}, 
      author={Gihyun Kwon and Jong Chul Ye},
      year={2023},
      booktitle={arXiv:2209.15264},
}
@inproceedings{luo2021diffusion,
      title={Diffusion Probabilistic Models for 3D Point Cloud Generation}, 
      author={Shitong Luo and Wei Hu},
      year={2021},
      booktitle={CVPR}
}
@inproceedings{zeng2022lion,
      title={LION: Latent Point Diffusion Models for 3D Shape Generation}, 
      author={Xiaohui Zeng and Arash Vahdat and Francis Williams and Zan Gojcic and Or Litany and Sanja Fidler and Karsten Kreis},
      year={2022},
      booktitle={arXiv:2210.06978},
}
@inproceedings{lyu2022conditional,
      title={A Conditional Point Diffusion-Refinement Paradigm for 3D Point Cloud Completion}, 
      author={Zhaoyang Lyu and Zhifeng Kong and Xudong Xu and Liang Pan and Dahua Lin},
      year={2022},
      booktitle={arXiv:2112.03530},
}
@inproceedings{devlin2019bert,
      title={BERT: Pre-training of Deep Bidirectional Transformers for Language Understanding}, 
      author={Jacob Devlin and Ming-Wei Chang and Kenton Lee and Kristina Toutanova},
      year={2019},
      booktitle={arXiv:1810.04805},
}
@article{Radford2018ImprovingLU,
      title={Improving Language Understanding by Generative Pre-Training},
      author={Alec Radford and Karthik Narasimhan},
      year={2018},
      url={https://api.semanticscholar.org/CorpusID:49313245}
}
@inproceedings{touvron2023llama,
      title={LLaMA: Open and Efficient Foundation Language Models}, 
      author={Hugo Touvron and Thibaut Lavril and Gautier Izacard and Xavier Martinet and Marie-Anne Lachaux and Timothée Lacroix and Baptiste Rozière and Naman Goyal and Eric Hambro and Faisal Azhar and Aurelien Rodriguez and Armand Joulin and Edouard Grave and Guillaume Lample},
      year={2023},
      booktitle={arXiv:2302.13971},
}
@inproceedings{zou2023survey,
      title={A Survey of Diffusion Models in Natural Language Processing}, 
      author={Hao Zou and Zae Myung Kim and Dongyeop Kang},
      year={2023},
      booktitle={arXiv:2305.14671},
}
@inproceedings{hoogeboom2021argmax,
      title={Argmax Flows and Multinomial Diffusion: Learning Categorical Distributions}, 
      author={Emiel Hoogeboom and Didrik Nielsen and Priyank Jaini and Patrick Forré and Max Welling},
      year={2021},
      booktitle={NIPS}
}
@inproceedings{austin2023structured,
      title={Structured Denoising Diffusion Models in Discrete State-Spaces}, 
      author={Jacob Austin and Daniel D. Johnson and Jonathan Ho and Daniel Tarlow and Rianne van den Berg},
      year={2023},
      booktitle={NIPS}
}
@inproceedings{li2022diffusionlm,
      title={Diffusion-LM Improves Controllable Text Generation}, 
      author={Xiang Lisa Li and John Thickstun and Ishaan Gulrajani and Percy Liang and Tatsunori B. Hashimoto},
      year={2022},
      booktitle={NIPS}
}
@inproceedings{radford2021learning,
      title={Learning Transferable Visual Models From Natural Language Supervision}, 
      author={Alec Radford and Jong Wook Kim and Chris Hallacy and Aditya Ramesh and Gabriel Goh and Sandhini Agarwal and Girish Sastry and Amanda Askell and Pamela Mishkin and Jack Clark and Gretchen Krueger and Ilya Sutskever},
      year={2021},
      booktitle={PMLR}
}
@inproceedings{rombach2022highresolution,
      title={High-Resolution Image Synthesis with Latent Diffusion Models}, 
      author={Robin Rombach and Andreas Blattmann and Dominik Lorenz and Patrick Esser and Björn Ommer},
      year={2022},
      booktitle={CVPR}
}
@inproceedings{zhang2023adding,
      title={Adding Conditional Control to Text-to-Image Diffusion Models}, 
      author={Lvmin Zhang and Anyi Rao and Maneesh Agrawala},
      booktitle={ICCV},
      year={2023},
}
@inproceedings{poole2022dreamfusion,
      title={DreamFusion: Text-to-3D using 2D Diffusion}, 
      author={Ben Poole and Ajay Jain and Jonathan T. Barron and Ben Mildenhall},
      year={2022},
      booktitle={arXiv:2209.14988},
}
@inproceedings{rodrigues,
      author = {Terzakis, George and Lourakis, Manolis and Ait-Boudaoud, Djamel},
      year = {2018},
      title = {Modified Rodrigues Parameters: An Efficient Representation of Orientation in 3D Vision and Graphics},
      booktitle = {Journal of Mathematical Imaging and Vision},
}
@inproceedings{Zhou_2019_CVPR,
      title={On the Continuity of Rotation Representations in Neural Networks},
      author={Zhou, Yi and Barnes, Connelly and Jingwan, Lu and Jimei, Yang and Hao, Li},
      booktitle={CVPR},
      year={2019}
}
@inproceedings{ronneberger2015unet,
      title={U-Net: Convolutional Networks for Biomedical Image Segmentation}, 
      author={Olaf Ronneberger and Philipp Fischer and Thomas Brox},
      year={2015},
      booktitle={MICCAI}
}
@inproceedings{caron2021emerging,
      title={Emerging Properties in Self-Supervised Vision Transformers},
      author={Caron, Mathilde and Touvron, Hugo and Misra, Ishan and J\'egou, Herv\'e  and Mairal, Julien and Bojanowski, Piotr and Joulin, Armand},
      booktitle={ICCV},
      year={2021}
}
@inproceedings{yang2018foldingnet,
      title={FoldingNet: Point Cloud Auto-encoder via Deep Grid Deformation}, 
      author={Yaoqing Yang and Chen Feng and Yiru Shen and Dong Tian},
      year={2018},
      booktitle={CVPR}
}
@inproceedings{121791,
      author={Besl, P.J. and McKay, Neil D.},
      booktitle={PAMI}, 
      title={A method for registration of 3-D shapes}, 
      year={1992},
}
@inproceedings{vaswani2023attention,
      title={Attention Is All You Need}, 
      author={Ashish Vaswani and Noam Shazeer and Niki Parmar and Jakob Uszkoreit and Llion Jones and Aidan N. Gomez and Lukasz Kaiser and Illia Polosukhin},
      year={2023},
      booktitle={NIPS}
}
@inproceedings{dosovitskiy2021image,
      title={An Image is Worth 16x16 Words: Transformers for Image Recognition at Scale}, 
      author={Alexey Dosovitskiy and Lucas Beyer and Alexander Kolesnikov and Dirk Weissenborn and Xiaohua Zhai and Thomas Unterthiner and Mostafa Dehghani and Matthias Minderer and Georg Heigold and Sylvain Gelly and Jakob Uszkoreit and Neil Houlsby},
      year={2021},
      booktitle={ICLR}
}
@inproceedings{Peebles2022DiT,
      title={Scalable Diffusion Models with Transformers},
      author={William Peebles and Saining Xie},
      year={2022},
      booktitle={ICCV}
}
@inproceedings{perez2017film,
      title={FiLM: Visual Reasoning with a General Conditioning Layer}, 
      author={Ethan Perez and Florian Strub and Harm de Vries and Vincent Dumoulin and Aaron Courville},
      year={2017},
      booktitle={AAAI}
}
@article{kazemnejad2019:pencoding,
      title   = "Transformer Architecture: The Positional Encoding",
      author  = "Kazemnejad, Amirhossein",
      journal = "kazemnejad.com",
      year    = "2019",
      url     = "https://kazemnejad.com/blog/transformer_architecture_positional_encoding/"
}
@inproceedings{5206848,
      author={Deng, Jia and Dong, Wei and Socher, Richard and Li, Li-Jia and Kai Li and Li Fei-Fei},
      booktitle={CVPR}, 
      title={ImageNet: A large-scale hierarchical image database}, 
      year={2009},
}
@inproceedings{qi2017pointnet,
      title={PointNet: Deep Learning on Point Sets for 3D Classification and Segmentation}, 
      author={Charles R. Qi and Hao Su and Kaichun Mo and Leonidas J. Guibas},
      year={2017},
      booktitle={CVPR}
}
@inproceedings{qi2017pointnet++,
      title={PointNet++: Deep Hierarchical Feature Learning on Point Sets in a Metric Space}, 
      author={Charles R. Qi and Li Yi and Hao Su and Leonidas J. Guibas},
      year={2017},
      booktitle={NIPS}
}
@inproceedings{thomas2019kpconv,
      title={KPConv: Flexible and Deformable Convolution for Point Clouds}, 
      author={Hugues Thomas and Charles R. Qi and Jean-Emmanuel Deschaud and Beatriz Marcotegui and François Goulette and Leonidas J. Guibas},
      year={2019},
      booktitle={ICCVW}
}
@inproceedings{shen2018mining,
      title={Mining Point Cloud Local Structures by Kernel Correlation and Graph Pooling}, 
      author={Yiru Shen and Chen Feng and Yaoqing Yang and Dong Tian},
      year={2018},
      booktitle={CVPR}
}
@inproceedings{10.1145/358669.358692,
      author = {Fischler, Martin A. and Bolles, Robert C.},
      title = {Random Sample Consensus: A Paradigm for Model Fitting with Applications to Image Analysis and Automated Cartography},
      year = {1981},
      publisher = {Association for Computing Machinery},
      booktitle = {Commun. ACM},
}
@inproceedings{song2022denoising,
      title={Denoising Diffusion Implicit Models}, 
      author={Jiaming Song and Chenlin Meng and Stefano Ermon},
      year={2022},
      booktitle={ICLR}
}
@inproceedings{hinterstoisser2012model,
      author = {Hinterstoisser, Stefan and Lepetit, Vincent and Ilic, Slobodan and Holzer, Stefan and Bradski, Gary and Konolige, Kurt and Navab, Nassir},
      year = {2012},
      title = {Model Based Training, Detection and Pose Estimation of Texture-Less 3D Objects in Heavily Cluttered Scenes},
      booktitle = {ACCV},
}
@inproceedings{denninger2019blenderproc,
      title={BlenderProc}, 
      author={Maximilian Denninger and Martin Sundermeyer and Dominik Winkelbauer and Youssef Zidan and Dmitry Olefir and Mohamad Elbadrawy and Ahsan Lodhi and Harinandan Katam},
      year={2019},
      booktitle={arXiv:1911.01911},
}
@inproceedings{hodan2018bop,
      title={BOP: Benchmark for 6D Object Pose Estimation}, 
      author={Tomas Hodan and Frank Michel and Eric Brachmann and Wadim Kehl and Anders Glent Buch and Dirk Kraft and Bertram Drost and Joel Vidal and Stephan Ihrke and Xenophon Zabulis and Caner Sahin and Fabian Manhardt and Federico Tombari and Tae-Kyun Kim and Jiri Matas and Carsten Rother},
      year={2018},
      booktitle={ECCV}
}
@inproceedings{hodan2020bop,
      title={BOP Challenge 2020 on 6D Object Localization}, 
      author={Tomas Hodan and Martin Sundermeyer and Bertram Drost and Yann Labbe and Eric Brachmann and Frank Michel and Carsten Rother and Jiri Matas},
      year={2020},
      booktitle={ECCVW}
}
@inproceedings{7780735,
      author={Brachmann, Eric and Michel, Frank and Krull, Alexander and Yang, Michael Ying and Gumhold, Stefan and Rother, Carsten},
      booktitle={CVPR}, 
      title={Uncertainty-Driven 6D Pose Estimation of Objects and Scenes from a Single RGB Image}, 
      year={2016},
}
@inproceedings{song2020improved,
      title={Improved Techniques for Training Score-Based Generative Models}, 
      author={Yang Song and Stefano Ermon},
      year={2020},
      booktitle={NIPS}
}
@inproceedings{song2021maximum,
      title={Maximum Likelihood Training of Score-Based Diffusion Models}, 
      author={Yang Song and Conor Durkan and Iain Murray and Stefano Ermon},
      year={2021},
      booktitle={NIPS}
}
@inproceedings{song2021scorebased,
      title={Score-Based Generative Modeling through Stochastic Differential Equations}, 
      author={Yang Song and Jascha Sohl-Dickstein and Diederik P. Kingma and Abhishek Kumar and Stefano Ermon and Ben Poole},
      year={2021},
      booktitle={ICLR}
}
@inproceedings{10.5555/1046920.1088696,
      author = {Hyv\"{a}rinen, Aapo},
      title = {Estimation of Non-Normalized Statistical Models by Score Matching},
      year = {2005},
      booktitle = {JMLR},
}
@inproceedings{6795935,
      author={Vincent, Pascal},
      booktitle={Neural Computation}, 
      title={A Connection Between Score Matching and Denoising Autoencoders}, 
      year={2011},
}
@inproceedings{jolicoeurmartineau2021gotta,
      title={Gotta Go Fast When Generating Data with Score-Based Models}, 
      author={Alexia Jolicoeur-Martineau and Ke Li and Rémi Piché-Taillefer and Tal Kachman and Ioannis Mitliagkas},
      year={2021},
      booktitle={ICLR}
}
@inproceedings{jolicoeurmartineau2020adversarial,
      title={Adversarial score matching and improved sampling for image generation}, 
      author={Alexia Jolicoeur-Martineau and Rémi Piché-Taillefer and Rémi Tachet des Combes and Ioannis Mitliagkas},
      year={2020},
      booktitle={ICLR}
}
@inproceedings{dockhorn2022scorebased,
      title={Score-Based Generative Modeling with Critically-Damped Langevin Diffusion}, 
      author={Tim Dockhorn and Arash Vahdat and Karsten Kreis},
      year={2022},
      booktitle={ICLR}
}
@inproceedings{lu2022dpmsolver,
      title={DPM-Solver: A Fast ODE Solver for Diffusion Probabilistic Model Sampling in Around 10 Steps}, 
      author={Cheng Lu and Yuhao Zhou and Fan Bao and Jianfei Chen and Chongxuan Li and Jun Zhu},
      year={2022},
      booktitle={NIPS}
}
@inproceedings{watson2021learning,
      title={Learning to Efficiently Sample from Diffusion Probabilistic Models}, 
      author={Daniel Watson and Jonathan Ho and Mohammad Norouzi and William Chan},
      year={2021},
      booktitle={arXiv:2106.03802},
}
@inproceedings{watson2022learning,
      title={Learning Fast Samplers for Diffusion Models by Differentiating Through Sample Quality}, 
      author={Daniel Watson and William Chan and Jonathan Ho and Mohammad Norouzi},
      year={2022},
      booktitle={arXiv:2202.05830},
}
@inproceedings{lyu2022accelerating,
      title={Accelerating Diffusion Models via Early Stop of the Diffusion Process}, 
      author={Zhaoyang Lyu and Xudong XU and Ceyuan Yang and Dahua Lin and Bo Dai},
      year={2022},
      booktitle={arXiv:2205.12524},
}
@inproceedings{zheng2023truncated,
      title={Truncated Diffusion Probabilistic Models and Diffusion-based Adversarial Auto-Encoders}, 
      author={Huangjie Zheng and Pengcheng He and Weizhu Chen and Mingyuan Zhou},
      year={2023},
      booktitle={ICLR}
}
@inproceedings{salimans2022progressive,
      title={Progressive Distillation for Fast Sampling of Diffusion Models}, 
      author={Tim Salimans and Jonathan Ho},
      year={2022},
      booktitle={ICLR}
}
@inproceedings{meng2023distillation,
      title={On Distillation of Guided Diffusion Models}, 
      author={Chenlin Meng and Robin Rombach and Ruiqi Gao and Diederik P. Kingma and Stefano Ermon and Jonathan Ho and Tim Salimans},
      year={2023},
      booktitle={CVPR}
}
@inproceedings{kingma2023variational,
      title={Variational Diffusion Models}, 
      author={Diederik P. Kingma and Tim Salimans and Ben Poole and Jonathan Ho},
      year={2023},
      booktitle={NIPS}
}
@inproceedings{gu2022vector,
      title={Vector Quantized Diffusion Model for Text-to-Image Synthesis}, 
      author={Shuyang Gu and Dong Chen and Jianmin Bao and Fang Wen and Bo Zhang and Dongdong Chen and Lu Yuan and Baining Guo},
      year={2022},
      booktitle={CVPR}
}
@inproceedings{oord2018neural,
      title={Neural Discrete Representation Learning}, 
      author={Aaron van den Oord and Oriol Vinyals and Koray Kavukcuoglu},
      year={2018},
      booktitle={NIPS}
}
@inproceedings{meng2023concrete,
      title={Concrete Score Matching: Generalized Score Matching for Discrete Data}, 
      author={Chenlin Meng and Kristy Choi and Jiaming Song and Stefano Ermon},
      year={2023},
      booktitle={NIPS}
}
@inproceedings{liu2023learning,
      title={Learning Diffusion Bridges on Constrained Domains},
      author={Xingchao Liu and Lemeng Wu and Mao Ye and qiang Liu},
      booktitle={ICLR},
      year={2023},
}
@inproceedings{huang2022riemannian,
      title={Riemannian Diffusion Models}, 
      author={Chin-Wei Huang and Milad Aghajohari and Avishek Joey Bose and Prakash Panangaden and Aaron Courville},
      year={2022},
      booktitle={NIPS}
}
@inproceedings{debortoli2022riemannian,
      title={Riemannian Score-Based Generative Modelling}, 
      author={Valentin De Bortoli and Emile Mathieu and Michael Hutchinson and James Thornton and Yee Whye Teh and Arnaud Doucet},
      year={2022},
      booktitle={NIPS}
}
@inproceedings{niu2020permutation,
      title={Permutation Invariant Graph Generation via Score-Based Generative Modeling}, 
      author={Chenhao Niu and Yang Song and Jiaming Song and Shengjia Zhao and Aditya Grover and Stefano Ermon},
      year={2020},
      booktitle={PMLR}
}
@inproceedings{huang2022graphgdp,
      title={GraphGDP: Generative Diffusion Processes for Permutation Invariant Graph Generation}, 
      author={Han Huang and Leilei Sun and Bowen Du and Yanjie Fu and Weifeng Lv},
      year={2022},
      booktitle={ICDM}
}
@inproceedings{vahdat2021scorebased,
      title={Score-based Generative Modeling in Latent Space}, 
      author={Arash Vahdat and Karsten Kreis and Jan Kautz},
      year={2021},
      booktitle={NIPS}
}
@inproceedings{leach2022denoising,
      title={Denoising Diffusion Probabilistic Models on SO(3) for Rotational Alignment},
      author={Adam Leach and Sebastian M Schmon and Matteo T. Degiacomi and Chris G. Willcocks},
      booktitle={ICLR},
      year={2022},
}
@inproceedings{jagvaral2023diffusion,
      title={Diffusion generative models on SO(3)},
      author={Yesukhei Jagvaral and Francois Lanusse and Rachel Mandelbaum},
      year={2023},
      url={https://openreview.net/forum?id=jHA-yCyBGb}
}
@inproceedings{urain2023se3diffusionfields,
      title={SE(3)-DiffusionFields: Learning smooth cost functions for joint grasp and motion optimization through diffusion}, 
      author={Julen Urain and Niklas Funk and Jan Peters and Georgia Chalvatzaki},
      year={2023},
      booktitle={ICRA}
}
@inproceedings{yim2023se3,
      title={SE(3) diffusion model with application to protein backbone generation}, 
      author={Jason Yim and Brian L. Trippe and Valentin De Bortoli and Emile Mathieu and Arnaud Doucet and Regina Barzilay and Tommi Jaakkola},
      year={2023},
      booktitle={ICML}
}
@inproceedings{hsiao2023confronting,
      title={Confronting Ambiguity in 6D Object Pose Estimation via Score-Based Diffusion on SE(3)}, 
      author={Tsu-Ching Hsiao and Hao-Wei Chen and Hsuan-Kung Yang and Chun-Yi Lee},
      year={2023},
      booktitle={arXiv:2305.15873},
}
@inproceedings{wang2023pd,
      title={PoseDiffusion: Solving Pose Estimation via Diffusion-aided Bundle Adjustment},
      author= {Jianyuan Wang and Christian Rupprecht and David Novotny},
      booktitle= {ICCV},
      year= {2023}
}
@inproceedings{sift,
      author = {Lowe, David},
      year = {2004},
      title = {Distinctive Image Features from Scale-Invariant Keypoints},
      booktitle = {IJCV},
}
@inproceedings{surf,
      author = {Bay, Herbert and Tuytelaars, Tinne and Van Gool, Luc},
      year = {2006},
      title = {SURF: Speeded up robust features},
      booktitle = {ECCV},
}
@inproceedings{6126544,
      author={Rublee, Ethan and Rabaud, Vincent and Konolige, Kurt and Bradski, Gary},
      booktitle={ICCV}, 
      title={ORB: An efficient alternative to SIFT or SURF}, 
      year={2011},
  }
@inproceedings{gicp,
      author = {Segal, Aleksandr and Hähnel, Dirk and Thrun, Sebastian},
      year = {2009},
      title = {Generalized-ICP},
      journal = {Proc. of Robotics: Science and Systems},
}
@inproceedings{nicp,
      author={Serafin, Jacopo and Grisetti, Giorgio},
      booktitle={IROS}, 
      title={NICP: Dense normal based point cloud registration}, 
      year={2015},
  }
@inproceedings{gu2010discriminative,
      author = {Gu, Chunhui and Ren, Xiaofeng},
      year = {2010},
      title = {Discriminative Mixture-of-Templates for Viewpoint Classification},
      booktitle= {ECCV}
}
@inproceedings{hinterstoisser2012gradient,
      author = {Hinterstoisser, Stefan and Cagniart, Cedric and Ilic, Slobodan and Sturm, Peter and Navab, Nassir and Fua, Pascal and Lepetit, Vincent and Lepetit, bullet},
      year = {2012},
      title = {Gradient Response Maps for Real-Time Detection of Texture-Less Objects},
      booktitle = {PAMI},
}
@inproceedings{Wohlhart_2015,
	year = 2015,
	author = {Paul Wohlhart and Vincent Lepetit},
	title = {Learning descriptors for object recognition and 3D pose estimation},
	booktitle = {CVPR}}
}
@inproceedings{nguyen2022templates,
      title={Templates for 3D Object Pose Estimation Revisited: Generalization to New Objects and Robustness to Occlusions}, 
      author={Van Nguyen Nguyen and Yinlin Hu and Yang Xiao and Mathieu Salzmann and Vincent Lepetit},
      year={2022},
      booktitle={CVPR}
}
@inproceedings{kabsch1976solution,
      author = {Kabsch, Wolfgang},
      booktitle = {Acta Crystallographica Section A: Crystal Physics, Diffraction, Theoretical and General Crystallography},
      title = {A solution for the best rotation to relate two sets of vectors},
      year = 1976
}
@inproceedings{shugurov2022osop,
      title={OSOP: A Multi-Stage One Shot Object Pose Estimation Framework}, 
      author={Ivan Shugurov and Fu Li and Benjamin Busam and Slobodan Ilic},
      year={2022},
      booktitle={CVPR}
}
@inproceedings{rad2018bb8,
      title={BB8: A Scalable, Accurate, Robust to Partial Occlusion Method for Predicting the 3D Poses of Challenging Objects without Using Depth}, 
      author={Mahdi Rad and Vincent Lepetit},
      year={2018},
      booktitle={ICCV}
}

@InProceedings{pmlr-v87-tremblay18a,
      title = {Deep Object Pose Estimation for Semantic Robotic Grasping of Household Objects},
      author = {Tremblay, Jonathan and To, Thang and Sundaralingam, Balakumar and Xiang, Yu and Fox, Dieter and Birchfield, Stan},
      booktitle = {Proceedings of The 2nd Conference on Robot Learning},
      year = {2018},
}
@inproceedings{tekin2018realtime,
      title={Real-Time Seamless Single Shot 6D Object Pose Prediction}, 
      author={Bugra Tekin and Sudipta N. Sinha and Pascal Fua},
      year={2018},
      booktitle = {CVPR},
}
@inproceedings{oberweger2018making,
      title={Making Deep Heatmaps Robust to Partial Occlusions for 3D Object Pose Estimation}, 
      author={Markus Oberweger and Mahdi Rad and Vincent Lepetit},
      year={2018},
      booktitle={ECCV},
}
@inproceedings{bai2020d3feat,
      title={D3Feat: Joint Learning of Dense Detection and Description of 3D Local Features}, 
      author={Xuyang Bai and Zixin Luo and Lei Zhou and Hongbo Fu and Long Quan and Chiew-Lan Tai},
      year={2020},
      booktitle={CVPR}
}
@inproceedings{ao2021spinnet,
      title={SpinNet: Learning a General Surface Descriptor for 3D Point Cloud Registration}, 
      author={Sheng Ao and Qingyong Hu and Bo Yang and Andrew Markham and Yulan Guo},
      year={2021},
      booktitle={CVPR},
}
@inproceedings{wang2022hypothesize,
      title={You Only Hypothesize Once: Point Cloud Registration with Rotation-equivariant Descriptors}, 
      author={Haiping Wang and Yuan Liu and Zhen Dong and Wenping Wang},
      year={2022},
      booktitle={ACMMM},
}
@inproceedings{yu2023rotationinvariant,
      title={Rotation-Invariant Transformer for Point Cloud Matching}, 
      author={Hao Yu and Zheng Qin and Ji Hou and Mahdi Saleh and Dongsheng Li and Benjamin Busam and Slobodan Ilic},
      year={2023},
      booktitle={CVPR},
}
@inproceedings{su2022zebrapose,
      title={ZebraPose: Coarse to Fine Surface Encoding for 6DoF Object Pose Estimation}, 
      author={Yongzhi Su and Mahdi Saleh and Torben Fetzer and Jason Rambach and Nassir Navab and Benjamin Busam and Didier Stricker and Federico Tombari},
      year={2022},
      booktitle={CVPR},
}
@inproceedings{xiang2018posecnn,
      title={PoseCNN: A Convolutional Neural Network for 6D Object Pose Estimation in Cluttered Scenes}, 
      author={Yu Xiang and Tanner Schmidt and Venkatraman Narayanan and Dieter Fox},
      year={2018},
      booktitle={RSS}
}
@inproceedings{Wu_2018,
	year = 2018,
	author = {Jimmy Wu and Bolei Zhou and Rebecca Russell and Vincent Kee and Syler Wagner and Mitchell Hebert and Antonio Torralba and David M.S. Johnson},
	title = {Real-Time Object Pose Estimation with Pose Interpreter Networks},
	booktitle = {IROS}
}
@inproceedings{do2018deep6dpose,
      title={Deep-6DPose: Recovering 6D Object Pose from a Single RGB Image}, 
      author={Thanh-Toan Do and Ming Cai and Trung Pham and Ian Reid},
      year={2018},
      booktitle={arXiv:1802.10367},
}
@inproceedings{he2018mask,
      title={Mask R-CNN}, 
      author={Kaiming He and Georgia Gkioxari and Piotr Dollár and Ross Girshick},
      year={2018},
      booktitle={ICCV}
}
@inproceedings{aoki2019pointnetlk,
      title={PointNetLK: Robust \& Efficient Point Cloud Registration using PointNet}, 
      author={Yasuhiro Aoki and Hunter Goforth and Rangaprasad Arun Srivatsan and Simon Lucey},
      year={2019},
      booktitle={CVPR}
}
@inproceedings{Lucas1981AnII,
      title={An Iterative Image Registration Technique with an Application to Stereo Vision},
      author={Bruce D. Lucas and Takeo Kanade},
      booktitle={International Joint Conference on Artificial Intelligence},
      year={1981},
}
@inproceedings{huang2020featuremetric,
      title={Feature-metric Registration: A Fast Semi-supervised Approach for Robust Point Cloud Registration without Correspondences}, 
      author={Xiaoshui Huang and Guofeng Mei and Jian Zhang},
      year={2020},
      booktitle={CVPR}
      
}
@inproceedings{xu2021omnet,
      title={OMNet: Learning Overlapping Mask for Partial-to-Partial Point Cloud Registration}, 
      author={Hao Xu and Shuaicheng Liu and Guangfu Wang and Guanghui Liu and Bing Zeng},
      year={2021},
      booktitle={ICCV}
}
@inproceedings{kehl2016deep,
      title={Deep Learning of Local RGB-D Patches for 3D Object Detection and 6D Pose Estimation}, 
      author={Wadim Kehl and Fausto Milletari and Federico Tombari and Slobodan Ilic and Nassir Navab},
      year={2016},
      booktitle={ECCV}
}
@inproceedings{wang2019densefusion,
      title={DenseFusion: 6D Object Pose Estimation by Iterative Dense Fusion}, 
      author={Chen Wang and Danfei Xu and Yuke Zhu and Roberto Martín-Martín and Cewu Lu and Li Fei-Fei and Silvio Savarese},
      year={2019},
      booktitle={CVPR}
}
@inproceedings{wang2021gdrnet,
      title={GDR-Net: Geometry-Guided Direct Regression Network for Monocular 6D Object Pose Estimation}, 
      author={Gu Wang and Fabian Manhardt and Federico Tombari and Xiangyang Ji},
      year={2021},
      booktitle={CVPR}
}
@inproceedings{implicitpdf2021,
      title = {Implicit-PDF: Non-Parametric Representation of Probability Distributions on the Rotation Manifold},
      author = {Murphy, Kieran A and Esteves, Carlos and Jampani, Varun and Ramalingam, Srikumar and Makadia, Ameesh},
      year={2021},
      booktitle={ICML}
}
@inproceedings{reizenstein2021common,
      title={Common Objects in 3D: Large-Scale Learning and Evaluation of Real-life 3D Category Reconstruction}, 
      author={Jeremy Reizenstein and Roman Shapovalov and Philipp Henzler and Luca Sbordone and Patrick Labatut and David Novotny},
      year={2021},
      booktitle={ICCV}
}
@inproceedings{zhou2018stereo,
      title={Stereo Magnification: Learning View Synthesis using Multiplane Images}, 
      author={Tinghui Zhou and Richard Tucker and John Flynn and Graham Fyffe and Noah Snavely},
      year={2018},
      booktitle={SIGGRAPH}
}
@inproceedings{karras2022elucidating,
      title={Elucidating the Design Space of Diffusion-Based Generative Models}, 
      author={Tero Karras and Miika Aittala and Timo Aila and Samuli Laine},
      year={2022},
      booktitle={NIPS}
}
@inproceedings{Park_2019,
      title={Pix2Pose: Pixel-Wise Coordinate Regression of Objects for 6D Pose Estimation},
      booktitle={ICCV},
      author={Park, Kiru and Patten, Timothy and Vincze, Markus},
      year={2019},
}
@inproceedings{song2020hybridpose,
      title={HybridPose: 6D Object Pose Estimation under Hybrid Representations}, 
      author={Chen Song and Jiaru Song and Qixing Huang},
      year={2020},
      booktitle={CVPR}
}
@inproceedings{he2021ffb6d,
      title={FFB6D: A Full Flow Bidirectional Fusion Network for 6D Pose Estimation}, 
      author={Yisheng He and Haibin Huang and Haoqiang Fan and Qifeng Chen and Jian Sun},
      year={2021},
      booktitle={CVPR}
}
@inproceedings{zakharov2019dpod,
      title={DPOD: 6D Pose Object Detector and Refiner}, 
      author={Sergey Zakharov and Ivan Shugurov and Slobodan Ilic},
      year={2019},
      booktitle={ICCV}
}
@inproceedings{xiao2022DDGAN,
      title={Tackling the Generative Learning Trilemma with Denoising Diffusion {GAN}s},
      author={Zhisheng Xiao and Karsten Kreis and Arash Vahdat},
      booktitle={ICLR},
      year={2022}
}